@INPROCEEDINGS{2010bhalerao,
    author={Bhalerao, S. and Ingle, M.},
    booktitle={Computer Science and Information Technology (ICCSIT), 2010 3rd IEEE International Conference on},
    title={Analyzing the modes of communication in agile practices},
    year={2010},
    month={july},
    volume={3},
    number={},
    pages={391 -395},
    keywords={agile communication iterative cycle;agile practice;communication hierarchy;customer satisfaction;customers-team members active communication;project development time reduction;software development;software quality;customer satisfaction;software development management;software prototyping;software quality;},
    doi={10.1109/ICCSIT.2010.5564012},
    ISSN={},
}

@book{2002wake,
  title={Extreme programming explored},
  author={Wake, W.C.},
  isbn={9780201733976},
  lccn={01034332},
  series={XP series},
  url={http://books.google.co.uk/books?id=L39tQgAACAAJ},
  year={2002},
  publisher={Addison-Wesley}
}

@INPROCEEDINGS{1667565,
author={Korkala, M. and Abrahamsson, P. and Kyllonen, P.},
booktitle={Agile Conference, 2006},
title={A case study on the impact of customer communication on defects in agile software development},
year={2006},
month={july},
volume={},
number={},
pages={11 pp. -88},
keywords={agile organizations;agile software development;communication channels;customer communication;customer-developer communication;development iterations;extreme programming;face-to-face communication;onsite customers;customer services;project management;software development management;},
doi={10.1109/AGILE.2006.1},
ISSN={},}